@article {duke,
    AUTHOR = {Arthur, James},
     TITLE = {A trace formula for reductive groups. {I}. {T}erms associated
              to classes in {$G({\bf Q})$}},
   JOURNAL = {Duke Math. J.},
  FJOURNAL = {Duke Mathematical Journal},
    VOLUME = {45},
      YEAR = {1978},
    NUMBER = {4},
     PAGES = {911--952},
      ISSN = {0012-7094},
   MRCLASS = {10D40 (22E55)},
  MRNUMBER = {518111},
MRREVIEWER = {Stephen Gelbart},
       URL = {http://projecteuclid.org.proxy.cc.uic.edu/euclid.dmj/1077313104},
}

@article {MR625344,
    AUTHOR = {Arthur, James},
     TITLE = {The trace formula in invariant form},
   JOURNAL = {Ann. of Math. (2)},
  FJOURNAL = {Annals of Mathematics. Second Series},
    VOLUME = {114},
      YEAR = {1981},
    NUMBER = {1},
     PAGES = {1--74},
      ISSN = {0003-486X},
   MRCLASS = {10D40 (22E55)},
  MRNUMBER = {625344},
MRREVIEWER = {Freydoon Shahidi},
       DOI = {10.2307/1971376},
       URL = {https://doi-org.proxy.cc.uic.edu/10.2307/1971376},
}

@article {MR681738,
    AUTHOR = {Arthur, James},
     TITLE = {On a family of distributions obtained from {E}isenstein
              series. {II}. {E}xplicit formulas},
   JOURNAL = {Amer. J. Math.},
  FJOURNAL = {American Journal of Mathematics},
    VOLUME = {104},
      YEAR = {1982},
    NUMBER = {6},
     PAGES = {1289--1336},
      ISSN = {0002-9327},
   MRCLASS = {22E55 (11F70 11F72 46F99)},
  MRNUMBER = {681738},
MRREVIEWER = {Freydoon Shahidi},
       DOI = {10.2307/2374062},
       URL = {https://doi-org.proxy.cc.uic.edu/10.2307/2374062},
}

@article {MR697608,
    AUTHOR = {Arthur, James},
     TITLE = {A {P}aley-{W}iener theorem for real reductive groups},
   JOURNAL = {Acta Math.},
  FJOURNAL = {Acta Mathematica},
    VOLUME = {150},
      YEAR = {1983},
    NUMBER = {1-2},
     PAGES = {1--89},
      ISSN = {0001-5962},
   MRCLASS = {22E45 (22E46)},
  MRNUMBER = {697608},
MRREVIEWER = {P. C. Trombi},
       DOI = {10.1007/BF02392967},
       URL = {https://doi-org.proxy.cc.uic.edu/10.1007/BF02392967},
}

@article {MR828844,
    AUTHOR = {Arthur, James},
     TITLE = {A measure on the unipotent variety},
   JOURNAL = {Canad. J. Math.},
  FJOURNAL = {Canadian Journal of Mathematics. Journal Canadien de
              Math\'{e}matiques},
    VOLUME = {37},
      YEAR = {1985},
    NUMBER = {6},
     PAGES = {1237--1274},
      ISSN = {0008-414X},
   MRCLASS = {22E55 (11F72)},
  MRNUMBER = {828844},
MRREVIEWER = {A. B. Venkov},
       DOI = {10.4153/CJM-1985-067-0},
       URL = {https://doi-org.proxy.cc.uic.edu/10.4153/CJM-1985-067-0},
}

@article {MR835041,
    AUTHOR = {Arthur, James},
     TITLE = {On a family of distributions obtained from orbits},
   JOURNAL = {Canad. J. Math.},
  FJOURNAL = {Canadian Journal of Mathematics. Journal Canadien de
              Math\'{e}matiques},
    VOLUME = {38},
      YEAR = {1986},
    NUMBER = {1},
     PAGES = {179--214},
      ISSN = {0008-414X},
   MRCLASS = {11F72 (22E55)},
  MRNUMBER = {835041},
MRREVIEWER = {A. B. Venkov},
       DOI = {10.4153/CJM-1986-009-4},
       URL = {https://doi-org.proxy.cc.uic.edu/10.4153/CJM-1986-009-4},
}

@article {MR932848,
    AUTHOR = {Arthur, James},
     TITLE = {The local behaviour of weighted orbital integrals},
   JOURNAL = {Duke Math. J.},
  FJOURNAL = {Duke Mathematical Journal},
    VOLUME = {56},
      YEAR = {1988},
    NUMBER = {2},
     PAGES = {223--293},
      ISSN = {0012-7094},
   MRCLASS = {22E50 (22E45)},
  MRNUMBER = {932848},
MRREVIEWER = {Stephen Gelbart},
       DOI = {10.1215/S0012-7094-88-05612-8},
       URL = {https://doi-org.proxy.cc.uic.edu/10.1215/S0012-7094-88-05612-8},
}

@article {MR999488,
    AUTHOR = {Arthur, James},
     TITLE = {Intertwining operators and residues. {I}. {W}eighted
              characters},
   JOURNAL = {J. Funct. Anal.},
  FJOURNAL = {Journal of Functional Analysis},
    VOLUME = {84},
      YEAR = {1989},
    NUMBER = {1},
     PAGES = {19--84},
      ISSN = {0022-1236},
   MRCLASS = {22E55 (11F70 11F72)},
  MRNUMBER = {999488},
MRREVIEWER = {David Joyner},
       DOI = {10.1016/0022-1236(89)90110-9},
       URL = {https://doi-org.proxy.cc.uic.edu/10.1016/0022-1236(89)90110-9},
}

@incollection {clay,
    AUTHOR = {Arthur, James},
     TITLE = {An introduction to the trace formula},
 BOOKTITLE = {Harmonic analysis, the trace formula, and {S}himura varieties},
    SERIES = {Clay Math. Proc.},
    VOLUME = {4},
     PAGES = {1--263},
 PUBLISHER = {Amer. Math. Soc., Providence, RI},
      YEAR = {2005},
   MRCLASS = {11F72},
  MRNUMBER = {2192011},
MRREVIEWER = {Erez M. Lapid},
}

@article {MR147566,
    AUTHOR = {Borel, Armand and Harish-Chandra},
     TITLE = {Arithmetic subgroups of algebraic groups},
   JOURNAL = {Ann. of Math. (2)},
  FJOURNAL = {Annals of Mathematics. Second Series},
    VOLUME = {75},
      YEAR = {1962},
     PAGES = {485--535},
      ISSN = {0003-486X},
   MRCLASS = {20.65 (14.50)},
  MRNUMBER = {147566},
MRREVIEWER = {P. Cartier},
       DOI = {10.2307/1970210},
       URL = {https://doi-org.proxy.cc.uic.edu/10.2307/1970210},
}

@inproceedings {MR546598,
    AUTHOR = {Borel, A. and Jacquet, H.},
     TITLE = {Automorphic forms and automorphic representations},
 BOOKTITLE = {Automorphic forms, representations and {$L$}-functions
              ({P}roc. {S}ympos. {P}ure {M}ath., {O}regon {S}tate {U}niv.,
              {C}orvallis, {O}re., 1977), {P}art 1},
    SERIES = {Proc. Sympos. Pure Math., XXXIII},
     PAGES = {189--207},
      NOTE = {With a supplement ``On the notion of an automorphic
              representation'' by R. P. Langlands},
 PUBLISHER = {Amer. Math. Soc., Providence, R.I.},
      YEAR = {1979},
   MRCLASS = {10D40 (22E55)},
  MRNUMBER = {546598},
MRREVIEWER = {Fran\c{c}ois Rodier},
}

@book {MR1431508,
    AUTHOR = {Bump, Daniel},
     TITLE = {Automorphic forms and representations},
    SERIES = {Cambridge Studies in Advanced Mathematics},
    VOLUME = {55},
 PUBLISHER = {Cambridge University Press, Cambridge},
      YEAR = {1997},
     PAGES = {xiv+574},
      ISBN = {0-521-55098-X},
   MRCLASS = {11F70 (11F41 11R39 22E50 22E55)},
  MRNUMBER = {1431508},
MRREVIEWER = {Solomon Friedberg},
       DOI = {10.1017/CBO9780511609572},
       URL = {https://doi-org.proxy.cc.uic.edu/10.1017/CBO9780511609572},
}

@article {FL11b,
    AUTHOR = {Finis, Tobias and Lapid, Erez},
     TITLE = {On the spectral side of {A}rthur's trace
              formula---combinatorial setup},
   JOURNAL = {Ann. of Math. (2)},
  FJOURNAL = {Annals of Mathematics. Second Series},
    VOLUME = {174},
      YEAR = {2011},
    NUMBER = {1},
     PAGES = {197--223},
      ISSN = {0003-486X},
   MRCLASS = {11F72 (52A38 52A39 52B45)},
  MRNUMBER = {2811598},
MRREVIEWER = {Werner Hoffmann},
       DOI = {10.4007/annals.2011.174.1.6},
       URL = {https://doi-org.proxy.cc.uic.edu/10.4007/annals.2011.174.1.6},
}

@article {FL16,
    AUTHOR = {Finis, Tobias and Lapid, Erez},
     TITLE = {On the continuity of the geometric side of the trace formula},
   JOURNAL = {Acta Math. Vietnam.},
  FJOURNAL = {Acta Mathematica Vietnamica},
    VOLUME = {41},
      YEAR = {2016},
    NUMBER = {3},
     PAGES = {425--455},
      ISSN = {0251-4184},
   MRCLASS = {11F70 (22E55)},
  MRNUMBER = {3534542},
MRREVIEWER = {Baiying Liu},
       DOI = {10.1007/s40306-016-0176-x},
       URL = {https://doi-org.proxy.cc.uic.edu/10.1007/s40306-016-0176-x},
}

@article {FLM,
    AUTHOR = {Finis, Tobias and Lapid, Erez and M{\"{u}}ller, Werner},
     TITLE = {On the spectral side of {A}rthur's trace formula---absolute
              convergence},
   JOURNAL = {Ann. of Math. (2)},
  FJOURNAL = {Annals of Mathematics. Second Series},
    VOLUME = {174},
      YEAR = {2011},
    NUMBER = {1},
     PAGES = {173--195},
      ISSN = {0003-486X},
   MRCLASS = {11F72 (11M36 22E55)},
  MRNUMBER = {2811597},
MRREVIEWER = {Werner Hoffmann},
       DOI = {10.4007/annals.2011.174.1.5},
       URL = {https://doi-org.proxy.cc.uic.edu/10.4007/annals.2011.174.1.5},
}

@book {MR1071179,
    AUTHOR = {Gelfand, I. M. and Graev, M. I. and Pyatetskii-Shapiro, I.
              I.},
     TITLE = {Representation theory and automorphic functions},
    SERIES = {Generalized Functions},
    VOLUME = {6},
      NOTE = {Translated from the Russian by K. A. Hirsch,
              Reprint of the 1969 edition},
 PUBLISHER = {Academic Press, Inc., Boston, MA},
      YEAR = {1990},
     PAGES = {xviii+426},
      ISBN = {0-12-279506-7},
   MRCLASS = {11F70 (22E40 22E45 22E50 22E55)},
  MRNUMBER = {1071179},
}

MathSciNet

@book {MR0401654,
    AUTHOR = {Jacquet, H. and Langlands, R. P.},
     TITLE = {Automorphic forms on {${\rm GL}(2)$}},
    SERIES = {Lecture Notes in Mathematics, Vol. 114},
 PUBLISHER = {Springer-Verlag, Berlin-New York},
      YEAR = {1970},
     PAGES = {vii+548},
   MRCLASS = {10D15 (22E55 12A65 12A70)},
  MRNUMBER = {0401654},
MRREVIEWER = {S. Gelbart},
}

@inproceedings {MR0249539,
    AUTHOR = {Langlands, R. P.},
     TITLE = {Eisenstein series},
 BOOKTITLE = {Algebraic {G}roups and {D}iscontinuous {S}ubgroups ({P}roc.
              {S}ympos. {P}ure {M}ath., {B}oulder, {C}olo., 1965)},
     PAGES = {235--252},
 PUBLISHER = {Amer. Math. Soc., Providence, R.I.},
      YEAR = {1966},
   MRCLASS = {22.60},
  MRNUMBER = {0249539},
MRREVIEWER = {J. G. M. Mars},
}

@book {MR0579181,
    AUTHOR = {Langlands, Robert P.},
     TITLE = {On the functional equations satisfied by {E}isenstein series},
    SERIES = {Lecture Notes in Mathematics, Vol. 544},
 PUBLISHER = {Springer-Verlag, Berlin-New York},
      YEAR = {1976},
     PAGES = {v+337},
   MRCLASS = {22E55 (10C15 10D20 32N05)},
  MRNUMBER = {0579181},
MRREVIEWER = {James G. Arthur},
}

@incollection {MR2058622,
    AUTHOR = {Langlands, Robert P.},
     TITLE = {Beyond endoscopy},
 BOOKTITLE = {Contributions to automorphic forms, geometry, and number
              theory},
     PAGES = {611--697},
 PUBLISHER = {Johns Hopkins Univ. Press, Baltimore, MD},
      YEAR = {2004},
   MRCLASS = {11F70 (11F72 22E55)},
  MRNUMBER = {2058622},
MRREVIEWER = {Volker J. Heiermann},
}

@book {MW,
    AUTHOR = {M{\oe}glin, C. and Waldspurger, J.-L.},
     TITLE = {Spectral decomposition and {E}isenstein series},
    SERIES = {Cambridge Tracts in Mathematics},
    VOLUME = {113},
      NOTE = {Une paraphrase de l'\'{E}criture [A paraphrase of Scripture]},
 PUBLISHER = {Cambridge University Press, Cambridge},
      YEAR = {1995},
     PAGES = {xxviii+338},
      ISBN = {0-521-41893-3},
   MRCLASS = {11F70 (22E55)},
  MRNUMBER = {1361168},
MRREVIEWER = {Joe Repka},
       DOI = {10.1017/CBO9780511470905},
       URL = {https://doi-org.proxy.cc.uic.edu/10.1017/CBO9780511470905},
}

@article {MR141672,
    AUTHOR = {Mostow, G. D. and Tamagawa, T.},
     TITLE = {On the compactness of arithmetically defined homogeneous
              spaces},
   JOURNAL = {Ann. of Math. (2)},
  FJOURNAL = {Annals of Mathematics. Second Series},
    VOLUME = {76},
      YEAR = {1962},
     PAGES = {446--463},
      ISSN = {0003-486X},
   MRCLASS = {22.55 (20.65)},
  MRNUMBER = {141672},
MRREVIEWER = {T. Ono},
       DOI = {10.2307/1970368},
       URL = {https://doi-org.proxy.cc.uic.edu/10.2307/1970368},
}

@article {MS,
    AUTHOR = {M{\"{u}}ller, W. and Speh, B.},
     TITLE = {Absolute convergence of the spectral side of the {A}rthur
              trace formula for {${\rm GL}_n$}},
      NOTE = {With an appendix by E. M. Lapid},
   JOURNAL = {Geom. Funct. Anal.},
  FJOURNAL = {Geometric and Functional Analysis},
    VOLUME = {14},
      YEAR = {2004},
    NUMBER = {1},
     PAGES = {58--93},
      ISSN = {1016-443X},
   MRCLASS = {22E55 (11F70 11F72)},
  MRNUMBER = {2053600},
MRREVIEWER = {Werner Hoffmann},
       DOI = {10.1007/s00039-004-0452-0},
       URL = {https://doi-org.proxy.cc.uic.edu/10.1007/s00039-004-0452-0},
}

@incollection {MR3220933,
    AUTHOR = {Ng{\^{o}}, Bao Ch\^{a}u},
     TITLE = {On a certain sum of automorphic {$L$}-functions},
 BOOKTITLE = {Automorphic forms and related geometry: assessing the legacy
              of {I}. {I}. {P}iatetski-{S}hapiro},
    SERIES = {Contemp. Math.},
    VOLUME = {614},
     PAGES = {337--343},
 PUBLISHER = {Amer. Math. Soc., Providence, RI},
      YEAR = {2014},
   MRCLASS = {11F70},
  MRNUMBER = {3220933},
MRREVIEWER = {Fan Gao},
       DOI = {10.1090/conm/614/12270},
       URL = {https://doi-org.proxy.cc.uic.edu/10.1090/conm/614/12270},
}

@article {Par19,
    AUTHOR = {Parab, Abhishek},
     TITLE = {Absolute convergence of the twisted trace formula},
   JOURNAL = {Math. Z.},
  FJOURNAL = {Mathematische Zeitschrift},
    VOLUME = {292},
      YEAR = {2019},
    NUMBER = {1-2},
     PAGES = {529--567},
      ISSN = {0025-5874},
   MRCLASS = {11F72 (11F70 22E55)},
  MRNUMBER = {3968914},
       DOI = {10.1007/s00209-019-02290-0},
       URL = {https://doi-org.proxy.cc.uic.edu/10.1007/s00209-019-02290-0},
}

@article {MR1792292,
    AUTHOR = {Ramakrishnan, Dinakar},
     TITLE = {Modularity of the {R}ankin-{S}elberg {$L$}-series, and
              multiplicity one for {${\rm SL}(2)$}},
   JOURNAL = {Ann. of Math. (2)},
  FJOURNAL = {Annals of Mathematics. Second Series},
    VOLUME = {152},
      YEAR = {2000},
    NUMBER = {1},
     PAGES = {45--111},
      ISSN = {0003-486X},
   MRCLASS = {11F70 (11F55 11F66 11F80 11G18 14G10 20G35 22E55)},
  MRNUMBER = {1792292},
MRREVIEWER = {Solomon Friedberg},
       DOI = {10.2307/2661379},
       URL = {https://doi-org.proxy.cc.uic.edu/10.2307/2661379},
}

@article {MR1068677,
    AUTHOR = {Stern, Leonid},
     TITLE = {On the equality of norm groups of global fields},
   JOURNAL = {J. Number Theory},
  FJOURNAL = {Journal of Number Theory},
    VOLUME = {36},
      YEAR = {1990},
    NUMBER = {1},
     PAGES = {108--126},
      ISSN = {0022-314X},
   MRCLASS = {11R20 (11R32 11S31)},
  MRNUMBER = {1068677},
MRREVIEWER = {Kiyoshi Nagata},
       DOI = {10.1016/0022-314X(90)90009-G},
       URL = {https://doi-org.proxy.cc.uic.edu/10.1016/0022-314X(90)90009-G},
}

@book {MR2683009,
    AUTHOR = {Shahidi, Freydoon},
     TITLE = {Eisenstein series and automorphic {$L$}-functions},
    SERIES = {American Mathematical Society Colloquium Publications},
    VOLUME = {58},
 PUBLISHER = {American Mathematical Society, Providence, RI},
      YEAR = {2010},
     PAGES = {vi+210},
      ISBN = {978-0-8218-4989-7},
   MRCLASS = {11F70 (11-02 11M36 11R42 22E50 22E55)},
  MRNUMBER = {2683009},
MRREVIEWER = {M. Ram Murty},
       DOI = {10.1090/coll/058},
       URL = {https://doi-org.proxy.cc.uic.edu/10.1090/coll/058},
}
